<?xml version="1.0" encoding="UTF-8"?><collection xmlns="http://www.loc.gov/MARC21/slim"><record><leader>00390nam--2200145-i-4500</leader><controlfield tag="001">000038032</controlfield><controlfield tag="002">20161230</controlfield><controlfield tag="005">20161230201041</controlfield><controlfield tag="008">060222s1000------------r-----000-0-eng-d</controlfield><datafield ind1=" " ind2=" " tag="080"><subfield code="a">515.142(043)</subfield></datafield><datafield ind1=" " ind2=" " tag="100"><subfield code="a">Raymond, Bernard</subfield></datafield><datafield ind1=" " ind2=" " tag="245"><subfield code="a">Ensembles de cantor et feuilletages. these</subfield></datafield><datafield ind1=" " ind2=" " tag="260"><subfield code="a">Orsay, Univ.De Paris Xi, 1976, 67p</subfield></datafield><datafield ind1=" " ind2=" " tag="852"><subfield code="a">44825</subfield><subfield code="c">515/516</subfield></datafield><datafield ind1=" " ind2=" " tag="CAT"><subfield code="a">Sys</subfield><subfield code="c">20080612</subfield><subfield code="h">100442</subfield></datafield></record></collection>